@article{DORMANDY,
  title={Gatekeeping in Science: Lessons from the Case of Psychology and Neuro-Linguistic Programming},
  author={Dormandy, Katherine and Grimley, Bruce},
  journal={Social Epistemology},
  pages={1--21},
  year={2024},
  publisher={Taylor \& Francis},
  url={https://www.tandfonline.com/doi/epdf/10.1080/02691728.2024.2326828},
  addendum = "Ranking: https://www.scimagojr.com/journalsearch.php?q=27207\&tip=sid"
}
