@Book{Stanford,
  author = "Stanford, G. and Schreiner, G.",
  title = "Gruppenentwicklung im Klassenraum und anderswo: praktische
      Anleitungen für Lehrer und Erzieher",
  publisher = "Braunschweig : Westermann",
  year = "1980",
  url = "https://permalink.obvsg.at/UKL/AC02476087"
}
@Book{Nitsche,
  author = "Nitsche, P.",
  title = "Nonverbales Klassenzimmermanagement, Strategien aus der
      Praxis für die Gruppe",
  publisher = "PEARLS OF LEARNING PRESS",
  year = "2015",
  url = "https://www.pearls-of-learning.com/de/"
}
@Book{Wettstein,
  author = "Alexander Wettstein und Marion Scherzinger",
  title = "Unterrichtsstörungen verstehen und wirksam vorbeugen",
  publisher = "Kohlhammer",
  year = "2022",
  url = "http://doi.org/10.17433/978-3-17-042135-6"
}
@Book{Fritz,
  author = "Fritz, H. und Orth G.",
  title = "Gewaltfreie Kommunikation in der Schule",
  publisher = "Junfermann Verlag",
  year = "2013",
}
@article{Tosey,
    author = "Tosey, Paul and Mathison, Jane",
    title = "Neuro- linguistic programming as an innovation in
        education and teaching",
    journal = "Innovations in education and teaching international",
    volume = "47",
    number = "3",
    pages = "317 - - 326",
    year = "2010",
    publisher = "Taylor \& Francis"
}

