@Book{Nitsche,
  author = "Nitsche, P.",
  title = "Nonverbales Klassenzimmermanagement, Strategien aus der
      Praxis f√ºr die Gruppe",
  publisher = "PEARLS OF LEARNING PRESS",
  year = "2015",
  url = "https://www.pearls-of-learning.com/de/"
}
