@Book{Cosmina,
  author = "Luliana Cosmina, Rob Harrop, Chris Schaefer, Clarence Ho",
  title = "Pro Spring 6 - An In-Depth Guide to the Spring Framework",
  publisher = "Apress",
  year = "2023",
  url = "http://doi.org/10.1007/978-1-4842-8640-1"
}
