@article{MANANA,
title = {Assessment of the impact of neuro-linguistic programming on primary Schoolchildren's intellectual capacity},
journal = {Social Sciences \& Humanities Open},
volume = {10},
pages = {100966},
year = {2024},
issn = {2590-2911},
doi = {https://doi.org/10.1016/j.ssaho.2024.100966},
url = {https://www.sciencedirect.com/science/article/pii/S2590291124001633},
author = {Marwa Manana and Sarah Tarhini and Diana Ghanem and Roula {Bou Assi} and Sanaa Awada and Georges Hatem},
keywords = {Neuro-linguistic programming, Children, School, Intellectual capacity, Intervention, Education}
}
