@article{GHANEM,
title = {Impact of neuro-linguistic programming-based interventions on school triggers: A before and after intervention study on primary Schoolchildren},
journal = {Social Sciences \& Humanities Open},
volume = {10},
pages = {101021},
year = {2024},
issn = {2590-2911},
doi = {https://doi.org/10.1016/j.ssaho.2024.101021},
url = {https://www.sciencedirect.com/science/article/pii/S2590291124002183},
author = {Diana Ghanem and Sarah Tarhini and Marwa Manana and Sanaa Awada and Roula {Bou Assi} and Lina Ismaiil and Georges Hatem},
keywords = {Neuro-linguistic programming, Intervention effectiveness, Primary schoolchildren, Academic triggers, Social triggers, Behavioral triggers}
}
