@article{TOSEY,
    author = "Tosey, Paul and Mathison, Jane",
    title = "Neuro- linguistic programming as an innovation in
        education and teaching",
    journal = "Innovations in education and teaching international",
    volume = "47",
    number = "3",
    pages = "317 - - 326",
    year = "2010",
    publisher = "Taylor \& Francis",
    url = {https://www.tandfonline.com/doi/epdf/10.1080/14703297.2010.498183},
    addendum = "Ranking: https://www.scimagojr.com/journalsearch.php?q=21367\&tip=sid"
}
