@online{Yildiz,
    author = "Erol Yildiz",
    title = "Vorsicht Vielfalt : Perspektiven, Bildungschancen und
	Diskriminierungen",
    year = "2015",
    url = "https://permalink.obvsg.at/UKL/AC11148337"
}

@online{Hoffmann,
    author = "Edwin Hoffmann",
    title = "Interkulturelle Gesprächsführung : Theorie und Praxis des
	TOPI-Modells",
    year = "2015",
    url = "https://permalink.obvsg.at/UKL/AC11780125"
}

@online{Schweiger,
    author = "Hannes Schweiger",
    title = "Für eine sprachfreundliche Schule",
    year = "2021",
    url = "https://moodle.aau.at/pluginfile.php/1370259/mod_resource/content/1/S%C3%BCdwind%20Artikel%20Sprachenvielfalt.pdf"
}

@Book{Bell,
  author =	 "Tim Bell and Ian H. Witten and Mike Fellows",
  title =        "Computer Science Unplugged: off-line activities and games for all ages",
  publisher =    "Lulu",
  year =	 "1998",
  url = 	 "http://jmvidal.cse.sc.edu/library/bell98a.pdf"
}
